@phdthesis{these,
author  = {Abdeslam BEHLOULI},
title   = {Simulation du canal optique sans fil. Applications aux communications optiques sans fil.},
year    = {2016}
}

@book{pbrt,
author    = {Matt PHARR},
title     = {Physicaly based rendering},
year      = {2010},
publisher = {Morgan Kaufmann}
}